<?xml version="1.0" encoding="UTF-8"?>
<OAI-PMH xmlns="http://www.openarchives.org/OAI/2.0/" xmlns:xsi="http://www.w3.org/2001/XMLSchema-instance" xsi:schemaLocation="http://www.openarchives.org/OAI/2.0/ http://www.openarchives.org/OAI/2.0/OAI-PMH.xsd">
  <ListRecords>
    <record>
      <header>
        <identifier>aleph-publish:000007018</identifier>
      </header>
      <metadata>
        <record xmlns="http://www.ddb.de/professionell/mabxml/mabxml-1.xsd">
          <leader>00644vM2.01200024------h</leader>
          <controlfield tag="LDR">00644vM2.01200024------h</controlfield>
          <controlfield tag="FMT">MH</controlfield>
          <datafield tag="001" ind1="-" ind2="1">
            <subfield code="a">HT000034591</subfield>
          </datafield>
          <datafield tag="002" ind1="a" ind2="1">
            <subfield code="a">19991008</subfield>
          </datafield>
          <datafield tag="003" ind1="-" ind2="1">
            <subfield code="a">20101005</subfield>
          </datafield>
          <datafield tag="026" ind1="-" ind2="1">
            <subfield code="a">HBZHT000034591</subfield>
          </datafield>
          <controlfield tag="030">a|1uc||||||17</controlfield>
          <controlfield tag="050">a|||||||||||||</controlfield>
          <controlfield tag="051">m|||||||</controlfield>
          <datafield tag="070" ind1="-" ind2="1">
            <subfield code="a">385</subfield>
          </datafield>
          <datafield tag="070" ind1="b" ind2="1">
            <subfield code="a">468</subfield>
          </datafield>
          <datafield tag="080" ind1="-" ind2="1">
            <subfield code="a">60</subfield>
          </datafield>
          <datafield tag="100" ind1="-" ind2="1">
            <subfield code="p">Besser, Hannelore</subfield>
            <subfield code="9">(DE-588)108784398</subfield>
          </datafield>
          <datafield tag="104" ind1="a" ind2="1">
            <subfield code="p">Wöbcke, Manfred</subfield>
            <subfield code="9">(DE-588)177981393</subfield>
          </datafield>
          <datafield tag="108" ind1="a" ind2="1">
            <subfield code="p">Ziegenspeck, Jörg</subfield>
            <subfield code="d">1941-</subfield>
            <subfield code="9">(DE-588)118852779</subfield>
          </datafield>
          <datafield tag="331" ind1="-" ind2="1">
            <subfield code="a">&lt;&lt;Der&gt;&gt; Schülerbeobachtungsbogen</subfield>
          </datafield>
          <datafield tag="335" ind1="-" ind2="1">
            <subfield code="a">ein Instrument zur Verbesserung der Lerndiagnose</subfield>
          </datafield>
          <datafield tag="359" ind1="-" ind2="1">
            <subfield code="a">Besser, Wöbcke, Ziegenspeck</subfield>
          </datafield>
          <datafield tag="403" ind1="-" ind2="1">
            <subfield code="a">1. Aufl.</subfield>
          </datafield>
          <datafield tag="410" ind1="-" ind2="1">
            <subfield code="a">Braunschweig</subfield>
          </datafield>
          <datafield tag="412" ind1="-" ind2="1">
            <subfield code="a">Westermann</subfield>
          </datafield>
          <datafield tag="425" ind1="a" ind2="1">
            <subfield code="a">1977</subfield>
          </datafield>
          <datafield tag="433" ind1="-" ind2="1">
            <subfield code="a">240 S.</subfield>
          </datafield>
          <datafield tag="451" ind1="-" ind2="1">
            <subfield code="a">Psychologie und Erziehung</subfield>
          </datafield>
          <datafield tag="540" ind1="a" ind2="1">
            <subfield code="a">3-14-160080-5</subfield>
          </datafield>
          <datafield tag="700" ind1="l" ind2="1">
            <subfield code="a">120</subfield>
          </datafield>
          <datafield tag="700" ind1="g" ind2="1">
            <subfield code="a">DO 1200</subfield>
          </datafield>
          <datafield tag="902" ind1="-" ind2="1">
            <subfield code="s">Schülerbeobachtungsbogen</subfield>
            <subfield code="9">(DE-588)4180035-7</subfield>
          </datafield>
          <datafield tag="907" ind1="-" ind2="1">
            <subfield code="s">Schülerbeobachtung</subfield>
            <subfield code="9">(DE-588)4180034-5</subfield>
          </datafield>
          <datafield tag="907" ind1="-" ind2="1">
            <subfield code="s">Schülerbeurteilung</subfield>
            <subfield code="9">(DE-588)4053376-1</subfield>
          </datafield>
          <datafield tag="908" ind1="-" ind2="1">
            <subfield code="a">21</subfield>
          </datafield>
          <controlfield tag="SYS">000007018</controlfield>
          <datafield tag="PPE" ind1="-" ind2="1">
            <subfield code="p">Ziegenspeck, Jörg W.</subfield>
            <subfield code="d">1941-</subfield>
            <subfield code="9">(DE-588)118852779</subfield>
          </datafield>
          <datafield tag="PPE" ind1="-" ind2="1">
            <subfield code="p">Ziegenspeck, Jörg W.</subfield>
            <subfield code="d">1941-</subfield>
            <subfield code="9">(DE-588)118852779</subfield>
          </datafield>
          <datafield tag="PSW" ind1="-" ind2="1">
            <subfield code="s">Beurteilung</subfield>
            <subfield code="x">Schüler</subfield>
            <subfield code="9">(DE-588)4053376-1</subfield>
          </datafield>
          <datafield tag="PSW" ind1="-" ind2="1">
            <subfield code="s">Beurteilung</subfield>
            <subfield code="x">Schule</subfield>
            <subfield code="9">(DE-588)4053376-1</subfield>
          </datafield>
          <datafield tag="PSW" ind1="-" ind2="1">
            <subfield code="s">Lehrer</subfield>
            <subfield code="x">Beurteilung</subfield>
            <subfield code="9">(DE-588)4053376-1</subfield>
          </datafield>
          <datafield tag="PSW" ind1="-" ind2="1">
            <subfield code="s">Lehrer</subfield>
            <subfield code="x">Schülerbeurteilung</subfield>
            <subfield code="9">(DE-588)4053376-1</subfield>
          </datafield>
          <datafield tag="PSW" ind1="-" ind2="1">
            <subfield code="s">Lehrerurteil</subfield>
            <subfield code="9">(DE-588)4053376-1</subfield>
          </datafield>
          <datafield tag="PSW" ind1="-" ind2="1">
            <subfield code="s">Schulbeurteilung</subfield>
            <subfield code="9">(DE-588)4053376-1</subfield>
          </datafield>
          <datafield tag="PSW" ind1="-" ind2="1">
            <subfield code="s">Beurteilung</subfield>
            <subfield code="x">Schüler</subfield>
            <subfield code="9">(DE-588)4053376-1</subfield>
          </datafield>
          <datafield tag="PSW" ind1="-" ind2="1">
            <subfield code="s">Beurteilung</subfield>
            <subfield code="x">Schule</subfield>
            <subfield code="9">(DE-588)4053376-1</subfield>
          </datafield>
          <datafield tag="PSW" ind1="-" ind2="1">
            <subfield code="s">Lehrer</subfield>
            <subfield code="x">Beurteilung</subfield>
            <subfield code="9">(DE-588)4053376-1</subfield>
          </datafield>
          <datafield tag="PSW" ind1="-" ind2="1">
            <subfield code="s">Lehrer</subfield>
            <subfield code="x">Schülerbeurteilung</subfield>
            <subfield code="9">(DE-588)4053376-1</subfield>
          </datafield>
          <datafield tag="PSW" ind1="-" ind2="1">
            <subfield code="s">Lehrerurteil</subfield>
            <subfield code="9">(DE-588)4053376-1</subfield>
          </datafield>
          <datafield tag="PSW" ind1="-" ind2="1">
            <subfield code="s">Schulbeurteilung</subfield>
            <subfield code="9">(DE-588)4053376-1</subfield>
          </datafield>
          <datafield tag="PSW" ind1="-" ind2="1">
            <subfield code="s">Schülerverhalten</subfield>
            <subfield code="x">Beobachtungsbogen</subfield>
            <subfield code="9">(DE-588)4180035-7</subfield>
          </datafield>
          <datafield tag="PPE" ind1="-" ind2="1">
            <subfield code="p">Besser-Wöbcke-Ziegenspeck, ...</subfield>
            <subfield code="9">(DE-588)108784398</subfield>
          </datafield>
          <datafield tag="PSW" ind1="-" ind2="1">
            <subfield code="s">Schülerverhalten</subfield>
            <subfield code="x">Beobachtungsbogen</subfield>
            <subfield code="9">(DE-588)4180035-7</subfield>
          </datafield>
          <datafield tag="PPE" ind1="-" ind2="1">
            <subfield code="p">Besser-Wöbcke-Ziegenspeck, ...</subfield>
            <subfield code="9">(DE-588)108784398</subfield>
          </datafield>
          <datafield tag="700" ind1=" " ind2=" ">
            <subfield code="a">IIKM</subfield>
          </datafield>
          <datafield tag="OWN" ind1=" " ind2=" ">
            <subfield code="a">P0001</subfield>
          </datafield>
          <datafield tag="LOC" ind1=" " ind2=" ">
            <subfield code="m">BOOK</subfield>
            <subfield code="a">P0001</subfield>
            <subfield code="b">10</subfield>
            <subfield code="d">IIKM1050</subfield>
            <subfield code="i">78/3274</subfield>
            <subfield code="n">30</subfield>
            <subfield code="k">20010821</subfield>
            <subfield code="5">6807-10</subfield>
          </datafield>
          <datafield tag="LOC" ind1=" " ind2=" ">
            <subfield code="m">BOOK</subfield>
            <subfield code="a">P0001</subfield>
            <subfield code="b">11</subfield>
            <subfield code="d">IIKM1050+1</subfield>
            <subfield code="i">78/3275</subfield>
            <subfield code="n">20</subfield>
            <subfield code="k">20010821</subfield>
            <subfield code="5">6807-20</subfield>
          </datafield>
        </record>
      </metadata>
    </record>
  </ListRecords>
</OAI-PMH>
